@article{dean2008mapreduce,
	title={MapReduce: simplified data processing on large clusters},
	author={Dean, Jeffrey and Ghemawat, Sanjay},
	journal={Communications of the ACM},
	volume={51},
	number={1},
	pages={107--113},
	year={2008},
	publisher={ACM}
}



@inproceedings{ranger2007evaluating,
	title={Evaluating mapreduce for multi-core and multiprocessor systems},
	author={Ranger, Colby and Raghuraman, Ramanan and Penmetsa, Arun and Bradski, Gary and Kozyrakis, Christos},
	booktitle={High Performance Computer Architecture, 2007. HPCA 2007. IEEE 13th International Symposium on},
	pages={13--24},
	year={2007},
	organization={Ieee}
}


@inproceedings{yoo2009phoenix,
	title={Phoenix rebirth: Scalable MapReduce on a large-scale shared-memory system},
	author={Yoo, Richard M and Romano, Anthony and Kozyrakis, Christos},
	booktitle={Workload Characterization, 2009. IISWC 2009. IEEE International Symposium on},
	pages={198--207},
	year={2009},
	organization={IEEE}
}


@inproceedings{talbot2011phoenix++,
	title={Phoenix++: modular MapReduce for shared-memory systems},
	author={Talbot, Justin and Yoo, Richard M and Kozyrakis, Christos},
	booktitle={Proceedings of the second international workshop on MapReduce and its applications},
	pages={9--16},
	year={2011},
	organization={ACM}
}


@inproceedings{lu2013optimizing,
	title={Optimizing the mapreduce framework on intel xeon phi coprocessor},
	author={Lu, Mian and Zhang, Lei and Huynh, Huynh Phung and Ong, Zhongliang and Liang, Yun and He, Bingsheng and Goh, Rick Siow Mong and Huynh, Richard},
	booktitle={Big Data, 2013 IEEE International Conference on},
	pages={125--130},
	year={2013},
	organization={IEEE}
}


@inproceedings{chen2010tiled,
	title={Tiled-MapReduce: optimizing resource usages of data-parallel applications on multicore with tiling},
	author={Chen, Rong and Chen, Haibo and Zang, Binyu},
	booktitle={Proceedings of the 19th international conference on Parallel architectures and compilation techniques},
	pages={523--534},
	year={2010},
	organization={ACM}
}

@inproceedings{gordon2011elastic,
	title={Elastic phoenix: malleable mapreduce for shared-memory systems},
	author={Gordon, Adam Wolfe and Lu, Paul},
	booktitle={IFIP International Conference on Network and Parallel Computing},
	pages={1--16},
	year={2011},
	organization={Springer}
}


@inproceedings{lee2009lock,
	title={A lock-free, cache-efficient shared ring buffer for multi-core architectures},
	author={Lee, Patrick PC and Bu, Tian and Chandranmenon, Girish},
	booktitle={Proceedings of the 5th ACM/IEEE Symposium on Architectures for Networking and Communications Systems},
	pages={78--79},
	year={2009},
	organization={ACM}
}


@inproceedings{giacomoni2008fastforward,
	title={FastForward for efficient pipeline parallelism: a cache-optimized concurrent lock-free queue},
	author={Giacomoni, John and Moseley, Tipp and Vachharajani, Manish},
	booktitle={Proceedings of the 13th ACM SIGPLAN Symposium on Principles and practice of parallel programming},
	pages={43--52},
	year={2008},
	organization={ACM}
}


@article{lamport1977proving,
	title={Proving the correctness of multiprocess programs},
	author={Lamport, Leslie},
	journal={IEEE transactions on software engineering},
	number={2},
	pages={125--143},
	year={1977},
	publisher={IEEE}
}


@inproceedings{wang2009practice,
	title={Practice of parallelizing network applications on multi-core architectures},
	author={Wang, Junchang and Cheng, Haipeng and Hua, Bei and Tang, Xinan},
	booktitle={Proceedings of the 23rd international conference on Supercomputing},
	pages={204--213},
	year={2009},
	organization={ACM}
}


@article{lamport1983specifying,
	title={Specifying concurrent program modules},
	author={Lamport, Leslie},
	journal={ACM Transactions on Programming Languages and Systems (TOPLAS)},
	volume={5},
	number={2},
	pages={190--222},
	year={1983},
	publisher={ACM}
}


@inproceedings{rangan2004decoupled,
	title={Decoupled software pipelining with the synchronization array},
	author={Rangan, Ram and Vachharajani, Neil and Vachharajani, Manish and August, David I},
	booktitle={Proceedings of the 13th International Conference on Parallel Architectures and Compilation Techniques},
	pages={177--188},
	year={2004},
	organization={IEEE Computer Society}
}

@inproceedings{frigo1998implementation,
	title={The implementation of the Cilk-5 multithreaded language},
	author={Frigo, Matteo and Leiserson, Charles E and Randall, Keith H},
	booktitle={ACM Sigplan Notices},
	volume={33},
	number={5},
	pages={212--223},
	year={1998},
	organization={ACM}
}


@book{lewis1998multithreaded,
	title={Multithreaded programming with Pthreads},
	author={Lewis, Bil and Berg, Daniel J},
	year={1998},
	publisher={Prentice-Hall, Inc.}
}

@inproceedings{berger2009grace,
	title={Grace: Safe multithreaded programming for C/C++},
	author={Berger, Emery D and Yang, Ting and Liu, Tongping and Novark, Gene},
	booktitle={ACM sigplan notices},
	volume={44},
	number={10},
	pages={81--96},
	year={2009},
	organization={ACM}
}


@book{nichols1996pthreads,
	title={Pthreads programming: A POSIX standard for better multiprocessing},
	author={Nichols, Bradford and Buttlar, Dick and Farrell, Jacqueline},
	year={1996},
	publisher={" O'Reilly Media, Inc."}
}


@article{openmp2008openmp,
	title={OpenMP application program interface, v. 3.0},
	author={OpenMP, ARB},
	journal={OpenMP Architecture Review Board},
	year={2008}
}


@article{dagum1998openmp,
	title={OpenMP: an industry standard API for shared-memory programming},
	author={Dagum, Leonardo and Menon, Ramesh},
	journal={IEEE computational science and engineering},
	volume={5},
	number={1},
	pages={46--55},
	year={1998},
	publisher={IEEE}
}

@article{coplien1995curiously,
	title={Curiously recurring template patterns},
	author={Coplien, James O},
	journal={C++ Report},
	volume={7},
	number={2},
	pages={24--27},
	year={1995},
	publisher={SIGS Publications, Inc.}
}

@inproceedings{he2008mars,
	title={Mars: a MapReduce framework on graphics processors},
	author={He, Bingsheng and Fang, Wenbin and Luo, Qiong and Govindaraju, Naga K and Wang, Tuyong},
	booktitle={Proceedings of the 17th international conference on Parallel architectures and compilation techniques},
	pages={260--269},
	year={2008},
	organization={ACM}
}


@misc{hadoop2009hadoop,
	title={Hadoop},
	author={Hadoop, Apache},
	journal={2009-03-06]. http://hadoop. apache. org},
	year={2009}
}


@inproceedings{pennycook2013exploring,
	title={Exploring simd for molecular dynamics, using intel{\textregistered} xeon{\textregistered} processors and intel{\textregistered} xeon phi coprocessors},
	author={Pennycook, Simon J and Hughes, Chris J and Smelyanskiy, Mikhail and Jarvis, Stephen A},
	booktitle={Parallel \& Distributed Processing (IPDPS), 2013 IEEE 27th International Symposium on},
	pages={1085--1097},
	year={2013},
	organization={IEEE}
}


@inproceedings{heinecke2013design,
	title={Design and implementation of the linpack benchmark for single and multi-node systems based on intel{\textregistered} xeon phi coprocessor},
	author={Heinecke, Alexander and Vaidyanathan, Karthikeyan and Smelyanskiy, Mikhail and Kobotov, Alexander and Dubtsov, Roman and Henry, Greg and Shet, Aniruddha G and Chrysos, George and Dubey, Pradeep},
	booktitle={Parallel \& Distributed Processing (IPDPS), 2013 IEEE 27th International Symposium on},
	pages={126--137},
	year={2013},
	organization={IEEE}
}


@inproceedings{mao2010optimizing,
	title={Optimizing MapReduce for multicore architectures},
	author={Mao, Yandong and Morris, Robert and Kaashoek, M Frans},
	booktitle={Computer Science and Artificial Intelligence Laboratory, Massachusetts Institute of Technology, Tech. Rep},
	year={2010},
	organization={Citeseer}
}


@inproceedings{stuart2011multi,
	title={Multi-GPU MapReduce on GPU clusters},
	author={Stuart, Jeff A and Owens, John D},
	booktitle={Parallel \& Distributed Processing Symposium (IPDPS), 2011 IEEE International},
	pages={1068--1079},
	year={2011},
	organization={IEEE}
}


@article{fang2011mars,
	title={Mars: Accelerating mapreduce with graphics processors},
	author={Fang, Wenbin and He, Bingsheng and Luo, Qiong and Govindaraju, Naga K},
	journal={IEEE Transactions on Parallel and Distributed Systems},
	volume={22},
	number={4},
	pages={608--620},
	year={2011},
	publisher={IEEE}
}


@inproceedings{shan2010fpmr,
	title={FPMR: MapReduce framework on FPGA},
	author={Shan, Yi and Wang, Bo and Yan, Jing and Wang, Yu and Xu, Ningyi and Yang, Huazhong},
	booktitle={Proceedings of the 18th annual ACM/SIGDA international symposium on Field programmable gate arrays},
	pages={93--102},
	year={2010},
	organization={ACM}
}


@article{de2009mapreduce,
	title={MapReduce for the cell broadband engine architecture},
	author={De Kruijf, Marc and Sankaralingam, Karthikeyan},
	journal={IBM Journal of Research and Development},
	volume={53},
	number={5},
	pages={10--1},
	year={2009},
	publisher={IBM}
}

@inproceedings{condie2010mapreduce,
	title={MapReduce online.},
	author={Condie, Tyson and Conway, Neil and Alvaro, Peter and Hellerstein, Joseph M and Elmeleegy, Khaled and Sears, Russell},
	booktitle={Nsdi},
	volume={10},
	number={4},
	pages={20},
	year={2010}
}


@inproceedings{schneider2006scalable,
	title={Scalable locality-conscious multithreaded memory allocation},
	author={Schneider, Scott and Antonopoulos, Christos D and Nikolopoulos, Dimitrios S},
	booktitle={Proceedings of the 5th international symposium on Memory management},
	pages={84--94},
	year={2006},
	organization={ACM}
}

@inproceedings{zaharia2008improving,
	title={Improving MapReduce performance in heterogeneous environments.},
	author={Zaharia, Matei and Konwinski, Andy and Joseph, Anthony D and Katz, Randy H and Stoica, Ion},
	booktitle={Osdi},
	volume={8},
	number={4},
	pages={7},
	year={2008}
}


@book{gropp1999using,
	title={Using MPI: portable parallel programming with the message-passing interface},
	author={Gropp, William and Lusk, Ewing and Skjellum, Anthony},
	volume={1},
	year={1999},
	publisher={MIT press}
}


@book{blumofe1995cilk,
	title={Cilk: An efficient multithreaded runtime system},
	author={Blumofe, Robert D and Joerg, Christopher F and Kuszmaul, Bradley C and Leiserson, Charles E and Randall, Keith H and Zhou, Yuli},
	volume={30},
	number={8},
	year={1995},
	publisher={ACM}
}

@article{malladi2009using,
	title={Using Intel{\textregistered} VTune™ Performance Analyzer Events/Ratios \& Optimizing Applications},
	author={Malladi, Rama Kishan},
	journal={http:/software.intel.com},
	year={2009}
}


@online{cameron-lock-free-queue,
	author = {Cameron},
	title = {A Fast Lock-Free Queue for C++},
	year = 2014,
	url = {http://moodycamel.com/blog/2013/a-fast-lock-free-queue-for-c++#benchmarks},
	urldate = {2017-01-19}
}

@online{kjell-lock-free-spsc,
	author = {Kjell Kod},
	title = {Lock-Free Single-Producer - Single Consumer Circular Queue},
	year = 2014,
	url = {https://www.codeproject.com/articles/43510/lock-free-single-producer-single-consumer-circular},
	urldate = {2017-01-19}
}

@online{folly-producer-consumer-queue,
	author = {Bo Hu and Jordan DeLong},
	title = {folly::ProducerConsumerQueue},
	year = 2017,
	url = {https://github.com/facebook/folly/blob/master/folly/docs/ProducerConsumerQueue.md},
	urldate = {2017-01-19}
}

@online{tim-blechmann-boost-spsc,
	author = {Tim Blechmann},
	title = {boost::lockfree::spsc\_queue},
	year = 2013,
	url = {http://www.boost.org/doc/libs/1_61_0/doc/html/boost/lockfree/spsc_queue.html},
	urldate = {2017-01-19}
}

@online{intelvtune1,
	title = {Intel\highr{} VTune\texttrademark{} Amplifier 2017},
	year = 2017,
	url = {https://software.intel.com/en-us/intel-vtune-amplifier-xe},
	urldate = {2017-01-19}
}

@online{eventsphi,
	title = {Events for Intel\highr{} Xeon Phi\texttrademark{} Coprocessor (Code Name: Knights Corner)},
	url = {https://software.intel.com/en-us/node/589941},
	urldate = {2017-01-19}
}

@online{eventshswell,
	title = {Events for Intel\highr{} Microarchitecture Code Name Haswell},
	url = {https://software.intel.com/en-us/node/589935},
	urldate = {2017-01-19}
}

@online{cilkplus,
	title = {Intel\textregistered{} Cilk\texttrademark{} Plus},
	url = {https://www.cilkplus.org/},
	urldate = {2017-01-19}
}

@online{ibm-big-data,
	title = {IBM Big Data},
	url = {http://www.ibm.com/big-data/us/en/},
	urldate = {2017-02-12}
}

@online{locality-groups-oracle,
	title = {Oracle Locality Groups},
	url = {https://docs.oracle.com/cd/E18752_01/html/817-4415/lgroups-2.html},
	urldate = {2017-02-12}
}

@online{stampede-xeon-phi,
	title = {Stampede-KNL TOP500},
	url = {https://www.top500.org/system/178914},
	urldate = {2017-02-12}
}

@online{tianhe-2,
	title = {Tianhe-2 (MilkyWay-2) TOP500},
	url = {https://www.top500.org/system/177999},
	urldate = {2017-02-12}
}


@online{phiguide,
	author = {Sudha Udanapalli Thiagarajan and Charles Congdon and Sumedh Naik and Loc Q Nguyen},
	title = {Intel\textregistered{} Xeon Phi\texttrademark{} Coprocessor Developer's Quick Start Guide},
	url = {https://software.intel.com/sites/default/files/managed/ee/4e/intel-xeon-phi-coprocessor-quick-start-developers-guide.pdf},
	urldate = {2017-01-19}
}

@article{lindholm2008nvidia,
	title={NVIDIA Tesla: A unified graphics and computing architecture},
	author={Lindholm, Erik and Nickolls, John and Oberman, Stuart and Montrym, John},
	journal={IEEE micro},
	volume={28},
	number={2},
	year={2008},
	publisher={IEEE}
}

@article{torrellas1994false,
	title={False sharing and spatial locality in multiprocessor caches},
	author={Torrellas, Josep and Lam, HS and Hennessy, John L.},
	journal={IEEE Transactions on Computers},
	volume={43},
	number={6},
	pages={651--663},
	year={1994},
	publisher={IEEE}
}

@book{herlihy1993transactional,
	title={Transactional memory: Architectural support for lock-free data structures},
	author={Herlihy, Maurice and Moss, J Eliot B},
	volume={21},
	number={2},
	year={1993},
	publisher={ACM}
}

@article{hammarlund2014haswell,
	title={Haswell: The fourth-generation intel core processor},
	author={Hammarlund, Per and Martinez, Alberto J and Bajwa, Atiq A and Hill, David L and Hallnor, Erik and Jiang, Hong and Dixon, Martin and Derr, Michael and Hunsaker, Mikal and Kumar, Rajesh and others},
	journal={IEEE Micro},
	volume={34},
	number={2},
	pages={6--20},
	year={2014},
	publisher={IEEE}
}

@inproceedings{damaraju201222nm,
	title={A 22nm IA multi-CPU and GPU system-on-chip},
	author={Damaraju, Satish and George, Varghese and Jahagirdar, Sanjeev and Khondker, Tanveer and Milstrey, Robert and Sarkar, Sanjib and Siers, Scott and Stolero, Israel and Subbiah, Arun},
	booktitle={Solid-State Circuits Conference Digest of Technical Papers (ISSCC), 2012 IEEE International},
	pages={56--57},
	year={2012},
	organization={IEEE}
}

@article{chrysos2014intel,
	title={Intel{\textregistered} Xeon Phi™ coprocessor-the architecture},
	author={Chrysos, George},
	journal={Intel Whitepaper},
	volume={176},
	year={2014}
}

@book{jeffers2013intel,
	title={Intel Xeon Phi coprocessor high-performance programming},
	author={Jeffers, James and Reinders, James},
	year={2013},
	publisher={Newnes}
}

@article{pheatt2008intel,
	title={Intel{\textregistered} threading building blocks},
	author={Pheatt, Chuck},
	journal={Journal of Computing Sciences in Colleges},
	volume={23},
	number={4},
	pages={298--298},
	year={2008},
	publisher={Consortium for Computing Sciences in Colleges}
}

@book{musser2009stl,
	title={STL tutorial and reference guide: C++ programming with the standard template library},
	author={Musser, David R and Derge, Gillmer J and Saini, Atul},
	year={2009},
	publisher={Addison-Wesley Professional}
}

@article{stone2010opencl,
	title={OpenCL: A parallel programming standard for heterogeneous computing systems},
	author={Stone, John E and Gohara, David and Shi, Guochun},
	journal={Computing in science \& engineering},
	volume={12},
	number={3},
	pages={66--73},
	year={2010},
	publisher={IEEE}
}

@article{torquati2010single,
	title={Single-producer/single-consumer queues on shared cache multi-core systems},
	author={Torquati, Massimo},
	journal={arXiv preprint arXiv:1012.1824},
	year={2010}
}

@article{lamport1977concurrent,
	title={Concurrent reading and writing},
	author={Lamport, Leslie},
	journal={Communications of the ACM},
	volume={20},
	number={11},
	pages={806--811},
	year={1977},
	publisher={ACM}
}

@article{lamport1979correctly,
	title={Correctly Executes Multiprocess Program},
	author={Lamport, Leslie},
	journal={IEEE transactions on computers},
	volume={28},
	number={9},
	year={1979}
}


